@article{bisdorff2008r,
  title={R UBIS: a bipolar-valued outranking method for the choice problem},
  author={Bisdorff, Raymond and Meyer, Patrick and Roubens, Marc},
  journal={4OR},
  volume={6},
  number={2},
  pages={143--165},
  year={2008},
  publisher={Springer}
}